@book{buchbeispiel,
	author={John Doe and Bertold Brecht and Testi Tester},
	title={Example Title},
	year=2010,
	publisher={Examplisher},
	location={Exampletown, Bundesland}
}

@article{artikelbeispiel,
	author={Bla bala},
	title={Dies ist ein Article Test},
	journal={Welt der Wunder},
	year=2008,
	volume={323},
	number={10},
	pages={192-200}
}

@misc{onlinebeispiel,
	author={Satoshi Nakamoto},
	title={Bitcoin Whitepaper},
	year=2008,
	howpublished={www.whitepaper.de/bitcoin/sn},
	note={Abgerufen am \today}
}

@misc{ja:bitcoin20000,
	author={Stan Higgins},
	title={From \$900 to \$20,000: Bitcoin's Historic 2017 Price Run Revisited},
	year=2017,
	howpublished={https://www.coindesk.com/900-20000-bitcoins-historic-2017-price-run-revisited/},
	note={Abgerufen am \today}
}

@misc{ja:bitcoinsicherheit,
	author={Danny Leonhardt},
	title={Sicherheit und Datenschutz bei Bitcoin},
	howpublished={http://www1.inf.tu-dresden.de/~s8186045/flatpress3/fp-content/attachs/hs-bitcoin.pdf},
	note={Abgerufen am \today}
}

@misc{ja:iotawhitepaper,
	author={Serguei Popov},
	title={The Tangle},
	year=2017,
	howpublished={http://iotatoken.com/IOTA_Whitepaper.pdf},
	note={Abgerufen am \today}
}